<?xml version="1.0" encoding="UTF-8"?><collection xmlns="http://www.loc.gov/MARC21/slim"><record><leader>00407nam--2200145-i-4500</leader><controlfield tag="001">000023515</controlfield><controlfield tag="002">20161230</controlfield><controlfield tag="005">20161230201035</controlfield><controlfield tag="008">060222s1000------------r-----000-0-eng-d</controlfield><datafield ind1=" " ind2=" " tag="080"><subfield code="a">546.799.8(047.3):61</subfield></datafield><datafield ind1=" " ind2=" " tag="100"><subfield code="a">Hall, E.J. And Rossi, H.H</subfield></datafield><datafield ind1=" " ind2=" " tag="245"><subfield code="a">Californium-252 in teaching and research</subfield></datafield><datafield ind1=" " ind2=" " tag="260"><subfield code="a">Vienna, Int.Atomic Energy Agency, 1974. 136 P</subfield></datafield><datafield ind1=" " ind2=" " tag="490"><subfield code="a">Technical Report Series</subfield></datafield><datafield ind1=" " ind2=" " tag="852"><subfield code="a">1875</subfield></datafield></record></collection>